[gd_scene load_steps=8 format=2]

[ext_resource path="res://kerno/wablono/estonteco/fenestroj.tscn" type="PackedScene" id=1]
[ext_resource path="res://kerno/wablono/estonteco/window2.png" type="Texture2D" id=2]
[ext_resource path="res://kerno/wablono/estonteco/window1.png" type="Texture2D" id=3]
[ext_resource path="res://kerno/menuo/resursoj/icons/octagon-outline-512.png" type="Texture2D" id=4]
[ext_resource path="res://kerno/menuo/resursoj/fonts/Buttons_hover.tres" type="StyleBox" id=5]
[ext_resource path="res://kerno/menuo/resursoj/fonts/button_style.tres" type="StyleBox" id=6]
[ext_resource path="res://kerno/menuo/skriptoj/bottom_block.gd" type="Script" id=7]

[node name="bottom_block" instance=ExtResource( 1 )]
offset_left = 0.403152
offset_top = -0.0496063
offset_right = 366.403
offset_bottom = 192.95
script = ExtResource( 7 )

[node name="VBox" parent="." index="0"]
anchor_right = 1.0
anchor_bottom = 1.0
offset_top = 0.0496674
offset_right = -1.52588e-05
offset_bottom = 0.0496521
custom_minimum_size = Vector2( 0, 0 )

[node name="HBox_top" parent="VBox" index="0"]
offset_right = 365.0

[node name="top_texture1" parent="VBox/HBox_top" index="0"]
self_modulate = Color( 0, 0, 0, 0.745098 )

[node name="top_texture2" parent="VBox/HBox_top" index="1"]
self_modulate = Color( 0, 0, 0, 0.745098 )
offset_right = 365.0

[node name="body_texture" parent="VBox" index="1"]
offset_right = 365.0
offset_bottom = 170.0

[node name="HBoxContainer" type="HBoxContainer" parent="VBox/body_texture" index="2"]
anchor_right = 1.0
anchor_bottom = 1.0
offset_left = 15.0
offset_top = -7.0
offset_right = -15.0
offset_bottom = 7.0
grow_horizontal = 0
theme_override_constants/separation = 15
__meta__ = {
"_edit_use_anchors_": true
}

[node name="VBox" type="VBoxContainer" parent="VBox/body_texture/HBoxContainer" index="0"]
offset_right = 122.0
offset_bottom = 162.0
size_flags_horizontal = 8
size_flags_vertical = 15
theme_override_constants/separation = 0
__meta__ = {
"_edit_use_anchors_": true
}

[node name="HBox_top" type="HBoxContainer" parent="VBox/body_texture/HBoxContainer/VBox" index="0"]
offset_right = 122.0
offset_bottom = 22.0
theme_override_constants/separation = 0

[node name="top_texture1" type="TextureRect" parent="VBox/body_texture/HBoxContainer/VBox/HBox_top" index="0"]
self_modulate = Color( 0, 0, 0, 0.745098 )
offset_right = 22.0
offset_bottom = 22.0
texture = ExtResource( 3 )
stretch_mode = 1
__meta__ = {
"_edit_lock_": true
}

[node name="frame1" type="TextureRect" parent="VBox/body_texture/HBoxContainer/VBox/HBox_top/top_texture1" index="0"]
self_modulate = Color( 0.247059, 0.25098, 0.321569, 1 )
anchor_right = 0.995
anchor_bottom = 1.005
offset_left = 21.0
offset_top = -1.0
offset_right = 0.110001
offset_bottom = 7.89
rotation = 45.0
texture = ExtResource( 2 )
expand = true
__meta__ = {
"_edit_lock_": true,
"_edit_use_anchors_": false
}

[node name="top_texture2" type="TextureRect" parent="VBox/body_texture/HBoxContainer/VBox/HBox_top" index="1"]
self_modulate = Color( 0, 0, 0, 0.745098 )
offset_left = 22.0
offset_right = 122.0
offset_bottom = 22.0
custom_minimum_size = Vector2( 0, 22 )
size_flags_horizontal = 3
texture = ExtResource( 2 )
stretch_mode = 1
flip_h = true
__meta__ = {
"_edit_lock_": true
}

[node name="frame2" type="TextureRect" parent="VBox/body_texture/HBoxContainer/VBox/HBox_top/top_texture2" index="0"]
self_modulate = Color( 0.247059, 0.25098, 0.321569, 1 )
anchor_right = 1.0
offset_left = -1.0
offset_top = -1.0
offset_right = 1.0
texture = ExtResource( 2 )
expand = true
__meta__ = {
"_edit_lock_": true,
"_edit_use_anchors_": false
}

[node name="body_texture" type="TextureRect" parent="VBox/body_texture/HBoxContainer/VBox" index="1"]
self_modulate = Color( 0, 0, 0, 0.745098 )
offset_top = 22.0
offset_right = 122.0
offset_bottom = 140.0
grow_vertical = 0
size_flags_vertical = 3
texture = ExtResource( 2 )
stretch_mode = 1
flip_v = true
__meta__ = {
"_edit_lock_": true,
"_edit_use_anchors_": false
}

[node name="frame3" type="TextureRect" parent="VBox/body_texture/HBoxContainer/VBox/body_texture" index="0"]
self_modulate = Color( 0.247059, 0.25098, 0.321569, 1 )
anchor_top = -0.001
anchor_bottom = 1.0
offset_left = -1.0
offset_top = -0.844
offset_bottom = 22.0
texture = ExtResource( 2 )
expand = true
stretch_mode = 1
__meta__ = {
"_edit_lock_": true,
"_edit_use_anchors_": false
}

[node name="frame4" type="TextureRect" parent="VBox/body_texture/HBoxContainer/VBox/body_texture" index="1"]
self_modulate = Color( 0.247059, 0.25098, 0.321569, 1 )
anchor_left = 1.0
anchor_right = 1.0
anchor_bottom = 1.0
offset_top = -22.0
offset_right = 1.0
texture = ExtResource( 2 )
expand = true
stretch_mode = 1
__meta__ = {
"_edit_lock_": true,
"_edit_use_anchors_": false
}

[node name="TextureRect" type="TextureRect" parent="VBox/body_texture/HBoxContainer/VBox/body_texture" index="2"]
self_modulate = Color( 0.4, 0.6, 1, 0.862745 )
anchor_right = 1.0
anchor_bottom = 1.0
offset_left = 22.0
offset_right = -22.0
texture = ExtResource( 4 )
expand = true
__meta__ = {
"_edit_use_anchors_": false
}

[node name="HBox_bottom" type="HBoxContainer" parent="VBox/body_texture/HBoxContainer/VBox" index="2"]
offset_top = 140.0
offset_right = 122.0
offset_bottom = 162.0
theme_override_constants/separation = 0
__meta__ = {
"_edit_lock_": true
}

[node name="bottom_texture1" type="TextureRect" parent="VBox/body_texture/HBoxContainer/VBox/HBox_bottom" index="0"]
self_modulate = Color( 0, 0, 0, 0.745098 )
offset_right = 100.0
offset_bottom = 22.0
size_flags_horizontal = 3
size_flags_vertical = 3
texture = ExtResource( 2 )
expand = true
__meta__ = {
"_edit_lock_": true
}

[node name="frame5" type="TextureRect" parent="VBox/body_texture/HBoxContainer/VBox/HBox_bottom/bottom_texture1" index="0"]
self_modulate = Color( 0.247059, 0.25098, 0.321569, 1 )
anchor_top = 1.0
anchor_right = 1.002
anchor_bottom = 1.0
offset_left = -1.0
offset_right = -0.356018
offset_bottom = 1.0
texture = ExtResource( 2 )
expand = true
__meta__ = {
"_edit_lock_": true,
"_edit_use_anchors_": false
}

[node name="bottom_texture2" type="TextureRect" parent="VBox/body_texture/HBoxContainer/VBox/HBox_bottom" index="1"]
self_modulate = Color( 0, 0, 0, 0.745098 )
offset_left = 100.0
offset_right = 122.0
offset_bottom = 22.0
size_flags_horizontal = 9
texture = ExtResource( 3 )
flip_h = true
flip_v = true
__meta__ = {
"_edit_lock_": true
}

[node name="frame6" type="TextureRect" parent="VBox/body_texture/HBoxContainer/VBox/HBox_bottom/bottom_texture2" index="0"]
self_modulate = Color( 0.247059, 0.25098, 0.321569, 1 )
anchor_right = 0.995
anchor_bottom = 1.005
offset_left = 22.0
offset_right = 1.11
offset_bottom = 9.39
rotation = 45.0
texture = ExtResource( 2 )
expand = true
__meta__ = {
"_edit_lock_": true,
"_edit_use_anchors_": false
}

[node name="VBoxContainer" type="VBoxContainer" parent="VBox/body_texture/HBoxContainer" index="1"]
offset_left = 137.0
offset_right = 335.0
offset_bottom = 162.0
size_flags_horizontal = 3
size_flags_vertical = 3
theme_override_constants/separation = 22

[node name="Button" type="Button" parent="VBox/body_texture/HBoxContainer/VBoxContainer" index="0"]
self_modulate = Color( 0.4, 0.6, 1, 0.862745 )
offset_right = 198.0
offset_bottom = 23.0
theme_override_styles/hover = ExtResource( 5 )
theme_override_styles/focus = ExtResource( 6 )
text = "Название"
flat = true
clip_text = true
__meta__ = {
"_edit_use_anchors_": true
}

[node name="Description" type="Label" parent="VBox/body_texture/HBoxContainer/VBoxContainer" index="1"]
offset_top = 45.0
offset_right = 198.0
offset_bottom = 62.0
text = "описание"
clip_text = true
__meta__ = {
"_edit_use_anchors_": false
}

[node name="HBox_bottom" parent="VBox" index="2"]
offset_top = 170.0
offset_right = 365.0
offset_bottom = 192.0

[node name="bottom_texture1" parent="VBox/HBox_bottom" index="0"]
show_behind_parent = true
offset_right = 343.0

[node name="bottom_texture2" parent="VBox/HBox_bottom" index="1"]
offset_left = 343.0
offset_right = 365.0
