[gd_scene load_steps=3 format=2]

[ext_resource path="res://blokoj/sciigoj/Canavara_2.png" type="Texture2D" id=1]
[ext_resource path="res://kerno/fenestroj/tipo_a2.gd" type="Script" id=2]

[node name="tipo_a2" type="Control"]
visible = false
script = ExtResource( 2 )
__meta__ = {
"_edit_use_anchors_": false
}

[node name="CanvasLayer" type="CanvasLayer" parent="."]

[node name="Margin" type="MarginContainer" parent="CanvasLayer"]
offset_left = 382.0
offset_top = 132.0
offset_right = 702.0
offset_bottom = 153.0
__meta__ = {
"_edit_use_anchors_": false
}

[node name="ColorRect" type="ColorRect" parent="CanvasLayer/Margin"]
offset_right = 320.0
offset_bottom = 21.0
color = Color( 0, 0, 0, 0.294118 )
__meta__ = {
"_edit_use_anchors_": true
}

[node name="ColorRect" type="ColorRect" parent="CanvasLayer/Margin/ColorRect"]
anchor_top = 0.952
anchor_right = 1.0
anchor_bottom = 0.952
offset_top = 0.00799942
offset_bottom = 320.008
color = Color( 0, 0, 0, 0.745098 )
__meta__ = {
"_edit_use_anchors_": true
}

[node name="TextureRect" type="TextureRect" parent="CanvasLayer/Margin/ColorRect/ColorRect"]
anchor_right = 1.0
anchor_bottom = 1.0
offset_left = 11.0
offset_top = 11.0
offset_right = 591.0
offset_bottom = 591.0
scale = Vector2( 0.33, 0.33 )
texture = ExtResource( 1 )
expand = true
__meta__ = {
"_edit_use_anchors_": true
}

[node name="Label" type="Label" parent="CanvasLayer/Margin/ColorRect"]
anchor_left = 0.178125
anchor_top = 0.142857
anchor_right = 0.815625
anchor_bottom = 0.142857
offset_bottom = 17.0
text = "Рекламная информация"
align = 1
__meta__ = {
"_edit_use_anchors_": true
}

[node name="time_display" type="Label" parent="CanvasLayer/Margin/ColorRect"]
anchor_top = -0.0125485
anchor_right = 1.0
offset_left = 297.028
offset_top = 3.26352
offset_right = -1.9718
offset_bottom = 20.0
__meta__ = {
"_edit_use_anchors_": true
}

[node name="Close_button" type="Button" parent="CanvasLayer/Margin/ColorRect"]
anchor_left = 1.0
anchor_right = 1.0
offset_left = -20.291
offset_top = -0.582733
offset_right = 0.708984
offset_bottom = 22.4173
text = "X"
__meta__ = {
"_edit_use_anchors_": true
}

[node name="Timer" type="Timer" parent="."]
[connection signal="gui_input" from="." to="." method="_drag"]
[connection signal="gui_input" from="CanvasLayer/Margin" to="." method="_drag"]
[connection signal="visibility_changed" from="CanvasLayer/Margin" to="." method="_on_Margin_visibility_changed"]
[connection signal="gui_input" from="CanvasLayer/Margin/ColorRect" to="." method="_drag_rect"]
[connection signal="pressed" from="CanvasLayer/Margin/ColorRect/Close_button" to="." method="_on_Close_button_pressed"]
[connection signal="timeout" from="Timer" to="." method="_on_Timer_timeout"]
