[gd_scene load_steps=5 format=2]

[ext_resource path="res://blokoj/komerco/komerco.gd" type="Script" id=1]
[ext_resource path="res://kerno/fenestroj/tipo_d1.tscn" type="PackedScene" id=2]
[ext_resource path="res://kerno/menuo/resursoj/icons/lefticon5.png" type="Texture2D" id=3]
[ext_resource path="res://kerno/wablono/estonteco/window1.png" type="Texture2D" id=5]

[node name="komerco" instance=ExtResource( 2 )]
script = ExtResource( 1 )

[node name="VBox" parent="." index="0"]
visible = false
offset_left = 212.221
offset_top = 95.2276
offset_right = 1012.22
offset_bottom = 695.228
custom_minimum_size = Vector2( 800, 600 )

[node name="HBox_top" parent="VBox" index="0"]
offset_right = 800.0

[node name="top_texture2" parent="VBox/HBox_top" index="1"]
offset_right = 800.0

[node name="menuo_name" parent="VBox/HBox_top/top_texture2/HBox_buttons" index="0"]
offset_right = 735.0
text = "Торговая система"

[node name="Button_fix" parent="VBox/HBox_top/top_texture2/HBox_buttons" index="1"]
visible = false
offset_left = 492.0
offset_right = 511.0

[node name="Button_" parent="VBox/HBox_top/top_texture2/HBox_buttons" index="2"]
visible = false
offset_left = 515.0
offset_right = 534.0

[node name="Button_min" parent="VBox/HBox_top/top_texture2/HBox_buttons" index="3"]
offset_left = 739.0
offset_right = 759.0

[node name="Button_full" parent="VBox/HBox_top/top_texture2/HBox_buttons" index="4"]
visible = false
offset_left = 538.0
offset_right = 558.0

[node name="Button_x" parent="VBox/HBox_top/top_texture2/HBox_buttons" index="5"]
offset_left = 763.0
offset_right = 782.0

[node name="body_texture" parent="VBox" index="1"]
offset_right = 800.0
offset_bottom = 578.0

[node name="Tree" type="Tree" parent="VBox/body_texture/HSplit" index="0"]
offset_right = 388.0
offset_bottom = 544.0
size_flags_horizontal = 3
size_flags_vertical = 3
drop_mode_flags = 1

[node name="TabContainer" type="TabContainer" parent="VBox/body_texture/HSplit" index="1"]
offset_left = 400.0
offset_right = 788.0
offset_bottom = 544.0
size_flags_horizontal = 3
size_flags_vertical = 3

[node name="HBox_bottom" parent="VBox" index="2"]
offset_top = 578.0
offset_right = 800.0
offset_bottom = 600.0

[node name="bottom_texture1" parent="VBox/HBox_bottom" index="0"]
offset_right = 778.0

[node name="bottom_texture2" parent="VBox/HBox_bottom" index="1"]
offset_left = 778.0
offset_right = 800.0
texture = ExtResource( 5 )
flip_h = true
flip_v = true

[node name="TextureRect" type="TextureRect" parent="." index="1"]
visible = false
offset_bottom = 40.0
texture = ExtResource( 3 )
__meta__ = {
"_edit_use_anchors_": false
}

[connection signal="cell_selected" from="VBox/body_texture/HSplit/Tree" to="." method="_on_Tree_cell_selected"]
[connection signal="focus_entered" from="VBox/body_texture/HSplit/Tree" to="." method="_on_Tree_focus_entered"]
